<?xml version="1.0" encoding="UTF-8"?><collection xmlns="http://www.loc.gov/MARC21/slim"><record><leader>00683nam--2200193-i-4500</leader><controlfield tag="001">000014396</controlfield><controlfield tag="002">20161230</controlfield><controlfield tag="005">20161230201030</controlfield><controlfield tag="008">060222s1000------------r-----000-0-eng-d</controlfield><datafield ind1=" " ind2=" " tag="040"><subfield code="a">IFIN-HH</subfield></datafield><datafield ind1=" " ind2=" " tag="080"><subfield code="a">538.95:541.1-16(061.3)</subfield></datafield><datafield ind1="1" ind2=" " tag="100"><subfield code="a">Dyeek, Krystyna /S.A.</subfield></datafield><datafield ind1="1" ind2="0" tag="245"><subfield code="a">Reactivity of solids</subfield><subfield code="b">Proceedings of the 9th international symposium of the reactivity of solids, cracow, september 1-6, 1980</subfield><subfield code="c">Krystina dyrek, jerzy haber, janusz nowotny (eds.)</subfield></datafield><datafield ind1=" " ind2=" " tag="260"><subfield code="a">Warszawa</subfield><subfield code="b">Pwn-polish Scientific Publishing Company</subfield><subfield code="c">1982</subfield></datafield><datafield ind1=" " ind2=" " tag="300"><subfield code="a">2 VOLUME</subfield></datafield><datafield ind1="1" ind2=" " tag="700"><subfield code="a">Nowotny, Janusz</subfield></datafield><datafield ind1="1" ind2=" " tag="787"><subfield code="a">Vol. 2</subfield><subfield code="h">Xvii+/470p./1037p</subfield></datafield><datafield ind1=" " ind2=" " tag="852"><subfield code="a">70826</subfield><subfield code="c">539.2</subfield></datafield><datafield ind1=" " ind2=" " tag="CAT"><subfield code="a">Sys</subfield><subfield code="c">20121106</subfield><subfield code="h">154825</subfield></datafield></record></collection>